% This file was created with JabRef 2.10.
% Encoding: UTF-8


@Article{social_experience,
  Title                    = {Identifying Drivers and Hindrances of Social User Experience in Web Services},
  Author                   = {Kaisa Väänänen-Vainio-Mattila and Minna Wäljas and Jarno Ojala and Katarina Segerståhl},
  Journal                  = {CHI 2010: Finding Your Mojo and Doing Some Good},
  Year                     = {2010},

  Owner                    = {luis},
  Timestamp                = {2014.03.12}
}

@Book{sna_startups,
  Title                    = {Social Network Analysis for Startups},
  Author                   = {Maksim Tsvetovat and Alexander Kouznetsov},
  Publisher                = {O'Reilly},
  Year                     = {2011},

  Owner                    = {luis},
  Timestamp                = {2014.03.12}
}

@Article{dynamics,
  Title                    = {Dynamics of Personal Social Relationships in Online Social Networks: a Study on Twitter.},
  Author                   = {Valerio Arnaboldi and Marco Conti and Andrea Passarella},

  Owner                    = {luis},
  Timestamp                = {2014.03.12}
}

