% This file was created with JabRef 2.10.
% Encoding: UTF-8


@Electronic{manual_referencia_costos,
  Title                    = {Manual de referencia de tarifas ACIEM (Asociacion Colombiana de Ingenieros},
  Author                   = {ACIEM},
  Language                 = {Español},
  Url                      = {http://issuu.com/comisionesaciem/docs/doc_manual_ref_tarifas/8?e=1622024/3914555},
  Year                     = {2008},

  Owner                    = {luis},
  Timestamp                = {2014.07.02}
}

@Article{evolution,
  Title                    = {Evolution of a Location-based Online Social Network: Analysis and Models},
  Author                   = {Miltiadis Allamanis and Salvatore Scellato and Cecilia Moscolo},
  Journal                  = {IMC 12},
  Year                     = {2012},

  Owner                    = {luis},
  Timestamp                = {2014.03.19}
}

@Book{bpmn2,
  Title                    = {BPMN 2.0 Introduction to the Standard for Business Process Modeling},
  Author                   = {Thomas Allweyer},
  Publisher                = {BoD},
  Year                     = {2010},

  Owner                    = {luis},
  Timestamp                = {2014.04.20}
}

@Article{dynamics,
  Title                    = {Dynamics of Personal Social Relationships in Online Social Networks: a Study on Twitter},
  Author                   = {Valerio Arnaboldi and Marco Conti and Andrea Passarella},

  Owner                    = {luis},
  Timestamp                = {2014.03.12}
}

@Electronic{leg_int,
  Title                    = {Legislación en internet},
  Author                   = {Heidy Balanta},
  Organization             = {unipymes},
  Url                      = {http://www.unipymes.com/diplomado-gerencia-marketing/presentaciones/modulo5_presentacion4.pdf},
  Year                     = {2014},

  Owner                    = {luis},
  Timestamp                = {2014.09.21}
}

@Electronic{judging,
  Title                    = {How to Judge the Reliability of Internet Information},
  Author                   = {The McGraw-Hill Companies},
  Url                      = {http://www.mhhe.com/mayfieldpub/webtutor/judging.htm},
  Year                     = {2014},

  Owner                    = {luis},
  Timestamp                = {2014.09.21}
}

@Article{user_behavior_online,
  Title                    = {User behavior in Online Social Networks and its Implications: A user study},
  Author                   = {Najeeb Elahi and Randi Karlsen},
  Journal                  = {WIMS'12},
  Year                     = {2012},

  Owner                    = {luis},
  Timestamp                = {2014.03.19}
}

@Book{soa_principles,
  Title                    = {SOA Principles of Services Design},
  Author                   = {Thomas Erl},
  Publisher                = {Prentice Hall},
  Year                     = {2007},

  Owner                    = {luis},
  Timestamp                = {2014.04.20}
}

@Book{cap_sna,
  Title                    = {Introduction to Social Network Theory},
  Author                   = {Charles Kadushin},
  Year                     = {2004},

  Owner                    = {luis},
  Timestamp                = {2014.05.21}
}

@Electronic{evolucion_web,
  Title                    = {Evolución de la Web},
  Author                   = {Pablo Lozada},
  Language                 = {Español},
  Url                      = {http://profesores.elo.utfsm.cl/~tarredondo/info/networks/Evolucion_Web.pdf},
  Year                     = {2014},

  Owner                    = {luis},
  Timestamp                = {2014.07.01}
}

@Article{spiderweb,
  Title                    = {Spiderweb: A Social Mobile Network},
  Author                   = {Antonio Sapuppo},
  Journal                  = {2010 European Wireless Conference},
  Year                     = {2010},

  Owner                    = {luis},
  Timestamp                = {2014.03.19}
}

@Electronic{scrum_guide,
  Title                    = {The Scrum Guide},
  Author                   = {Ken Schwaber and Jeff Sutherland},
  Language                 = {Ingles},
  Url                      = {https://www.scrum.org/Portals/0/Documents/Scrum%20Guides/2013/Scrum-Guide.pdf},
  Year                     = {2013},

  Owner                    = {luis},
  Timestamp                = {2014.07.02}
}

@Article{user_behavior,
  Title                    = {Exploring User Sociocentric and Egocentric Behaviors in Online and Detected Social Networks},
  Author                   = {Annalisa Socievole and Salvatore Marano},
  Journal                  = {2012 2nd Baltic Congress on Future Internet Communications},
  Year                     = {2012},

  Owner                    = {luis},
  Timestamp                = {2014.03.19}
}

@Book{sna_startups,
  Title                    = {Social Network Analysis for Startups},
  Author                   = {Maksim Tsvetovat and Alexander Kouznetsov},
  Publisher                = {O'Reilly},
  Year                     = {2011},

  Owner                    = {luis},
  Timestamp                = {2014.03.12}
}

@Article{social_experience,
  Title                    = {Identifying Drivers and Hindrances of Social User Experience in Web Services},
  Author                   = {Kaisa Väänänen-Vainio-Mattila and Minna Wäljas and Jarno Ojala1 and Katarina Segerståhl},
  Journal                  = {CHI 2010: Finding Your Mojo and Doing Some Good},
  Year                     = {2010},

  Owner                    = {luis},
  Timestamp                = {2014.03.12}
}

@Article{analysis,
  Title                    = {Analysis on Community Charactristics of Online Social Network},
  Author                   = {Yang Yang and Yuchun Guo and Yanni Ma},
  Journal                  = {2010 International Conference on Cyber-Enabled Distributed Computing and Knowledge Discovery},
  Year                     = {2010},

  Owner                    = {luis},
  Timestamp                = {2014.03.19}
}

@Article{measuring_maintainability,
  Title                    = {A Practical Model for Measuring Maintainability – A Preliminary Report –},
  Author                   = {Ilja Heitlager and Tobias Kuipers and Joost Visser},
  Year                     = {2007},

  Owner                    = {luis},
  Timestamp                = {2014.11.28}
}

@Article{complexity_mesure,
  Title                    = {A Complexity Measure for Web Services},
  Author                   = {Quynh Pham Thi and Dung Ta Quang and Thang Huynh Quyet},
  Year                     = {2009},

  Owner                    = {luis},
  Timestamp                = {2014.11.28}
}


@Article{quality_in_use,
  Title                    = {Attributes for the Quality in Use of Mobile Government Systems},
  Author                   = {Nisreen Beshir Osman and Izzeldin Mohammed Osman},
  Year                     = {2013},

  Owner                    = {luis},
  Timestamp                = {2014.11.28}
}


@Article{usability_ux,
  Title                    = {A Framework for Software Usability \& User Experience Measurement in Mobile Industry},
  Author                   = {Kari Ronkko Jia Tan and Cigdem Gencel},
  Year                     = {2013},

  Owner                    = {luis},
  Timestamp                = {2014.11.28}
}

@Electronic{security_ws,
  Title                    = {Security fundamentals for web services. Chapter 1-},
  Author                   = {Microsoft},
  Language                 = {Ingles},
  Url                      = {http://msdn.microsoft.com/en-us/library/ff648318.aspx},

  Owner                    = {luis},
  Timestamp                = {2014.11.28}
}

@Electronic{archimate2,
  Title                    = {Welcome to Archimate(copyright) 2.1, an Open Group Standard},
  Author                   = {The Open Group},
  Language                 = {Ingles},
  Url                      = {http://pubs.opengroup.org/architecture/archimate2-doc/},
  Year                     = {2013},

  Owner                    = {luis},
  Timestamp                = {2014.11.28}
}

@Book{computer_science,
  Title                    = {Computer Science Handbook},
  Author                   = {Allen B. Tucker},
  Publisher                = {Chapman \& Hall/CRC},
  Year                     = {2004},

  Owner                    = {nicolas},
  Timestamp                = {2015.01.13}
}

@Article{cyclomatic_complexity,
  Title                    = {A Complexity Measure},
  Author                   = {Thomas J. McCabe},
  Journal                  = {IEEE Transactions On Software Engineering, VOL. SE-2, No. 4},
  Year                     = {1976},

  Owner                    = {luis},
  Timestamp                = {2014.11.28}
}

@Electronic{dependent_time_graphs,
  Title                    = {Representing time dependent graphs in Neo4j},
  Author                   = {Ciro Cattuto},
  Language                 = {Ingles},
  Url                      = {https://github.com/SocioPatterns/neo4j-dynagraph/wiki/Representing-time-dependent-graphs-in-Neo4j},
  Year                     = {2013},

  Owner                    = {nicolas},
  Timestamp                = {2015.03.11}
}

@Electronic{time_response,
  Title                    = {Response Times: The 3 Important Limits},
  Author                   = {Jakob Nielsen},
  Language                 = {Ingles},
  Url                      = {http://www.nngroup.com/articles/response-times-3-important-limits/},
  Year                     = {2014},

  Owner                    = {luis},
  Timestamp                = {2014.11.28}
}


@Electronic{anexos_tesis,
  Title                    = {Version Completa: Diseño e implementación de un prototipo de SNS orientado al deporte sobre tecnologías moviles},
  Author                   = {Nicolas García y Luis Gonzalez},
  Language                 = {Español},
  Url                      = {CD-ROM},
  Year                     = {2015}
}